% https://www.overleaf.com/learn/latex/Bibliography_management_in_LaTeX#Reference_guide
% http://tug.ctan.org/info/biblatex-cheatsheet/biblatex-cheatsheet.pdf

@article{example-article,
    author = {Quigley, Morgan and Conley, Ken and Gerkey, Brian and Faust, Josh and Foote, Tully and Leibs, Jeremy and Wheeler, Rob and Ng, Andrew},
    year = {2009},
    month = {01},
    title = {ROS: an open-source Robot Operating System},
    volume = {3},
    journal = {ICRA Workshop on Open Source Software}
}

@article{4_0_Industrial_revolution,
    author = {Alberto Olivares-Alarcos},
    year = {2019},
    month = {11},
    title = {On Inferring Intentions in Shared Tasks for Industrial Collaborative Robots},
    volume = {8},
    journal = {Electronics}
}

@unknown{HRC_levels,
author = {Wilhelm, Bauer, and Manfred, Bender, and Braun, Martin and Rally, Peter and Scholtz, Oliver},
year = {2016},
month = {10},
pages = {},
title = {Lightweight robots in manual assembly – best to start simply! Examining companies’ initial experiences with lightweight robots}
}

@online{example-online,
    author = {Troy Straszheim and Morten Kjaergaard and Brian Gerkey and Dirk Thomas},
    title = {Conceptual overview of ROS catkin},
    url = {http://wiki.ros.org/catkin/conceptual_overview}
}

@online{NN_rocks,
    author = {Arvind Padmanabhan},
    title = {Neural Networks for NLP},
    url = {https://devopedia.org/neural-networks-for-nlp#cite-as}
}

@online{cobots,
    author = {TechTarget Contributor},
    title = {collaborative robot (cobot)},
    url = {https://www.techtarget.com/whatis/definition/collaborative-robot-cobot}
}

@online{SpeechToText1,
    author = {Laura Wood},
    title = {Global Speech-to-text API Market to 2027},
    url = {https://www.businesswire.com/news/home/20220504005949/en/Global-Speech-to-text-API-Market-to-2027---Size-Share-Industry-Trends-Analysis-Report---ResearchAndMarkets.com}
}




@book{example-book,
    title = {Robotics},
    author = {Bruno Siciliano and Lorenzo Sciavicco and Luigi Villani and Giuseppe Oriolo},
    publisher = {Springer London},
    year = 2009,
    doi = {10.1007/978-1-84628-642-1},
    url = {https://doi.org/10.1007%2F978-1-84628-642-1}
}

@inproceedings{exmaple-in-proceegings,
  TITLE = {{Particle position prediction based on Lagrangian coherency for flow over a cylinder in 4D-PTV}},
  AUTHOR = {Rahimi Khojasteh, Ali and Heitz, Dominique and Yang, Yin and Fiabane, Lionel},
  URL = {https://hal.inrae.fr/hal-03316123},
  BOOKTITLE = {{14th International Symposium on Particle Image Velocimetry -- ISPIV 2021}},
  ADDRESS = {Chicago, United States},
  PAGES = {9 p.},
  YEAR = {2021},
  MONTH = Aug,
  KEYWORDS = {Particle tracking techniques ; Lagrangian coherent structure ; Lagrangian particle tracking},
  PDF = {https://hal.inrae.fr/hal-03316123v2/file/rahimi-khojasteh_etal_2021a_ISPIV21.pdf},
  HAL_ID = {hal-03316123},
  HAL_VERSION = {v2},
}

@misc{Deep_Q_learning,
      title={Implementing the Deep Q-Network}, 
      author={Melrose Roderick and James MacGlashan and Stefanie Tellex},
      year={2017},
      eprint={1711.07478},
      archivePrefix={arXiv},
      primaryClass={cs.LG}
}